@Incollection{Spector90,
  author =       "Asad Z. Spector",
  title =        "Achieving application requirements",
  booktitle =    "Distributed Systems",
  publisher =    "ACM Press",
  address =      "New York, NY",
  year =         "1990",
  edition =      "2nd.",
  chapter =      "",
  editor =       "Sape Mullender",
  pages =        "19--33",
  doi =          "10.1145/90417.90738",
  url =          "http://doi.acm.org/10.1145/90417.90738",
  volume =       "",
  number =       "",
  series =       "",
  type =         "",
  month =        "",
  note =         "",
}

@article{atzm1,
author = {Atzmueller, Martin and Baumeister, Joachim and Puppe, Frank},
year = {2006},
month = {06},
pages = {19-30},
title = {Semi-automatic learning of simple diagnostic scores utilizing complexity measures},
volume = {37},
journal = {Artificial intelligence in medicine},
doi = {10.1016/j.artmed.2005.03.003}
}