@Incollection{Spector90,
  author =       "Asad Z. Spector",
  title =        "Achieving application requirements",
  booktitle =    "Distributed Systems",
  publisher =    "ACM Press",
  address =      "New York, NY",
  year =         "1990",
  edition =      "2nd.",
  chapter =      "",
  editor =       "Sape Mullender",
  pages =        "19--33",
  doi =          "10.1145/90417.90738",
  url =          "http://doi.acm.org/10.1145/90417.90738",
  volume =       "",
  number =       "",
  series =       "",
  type =         "",
  month =        "",
  note =         "",
}

@article{OSDT,
  title={Optimal sparse decision trees},
  author={Hu, Xiyang and Rudin, Cynthia and Seltzer, Margo},
  journal={Advances in Neural Information Processing Systems},
  volume={32},
  year={2019}
}

@inproceedings{GOSDT,
  title={Generalized and scalable optimal sparse decision trees},
  author={Lin, Jimmy and Zhong, Chudi and Hu, Diane and Rudin, Cynthia and Seltzer, Margo},
  booktitle={International Conference on Machine Learning},
  pages={6150--6160},
  year={2020},
  organization={PMLR}
}

@inproceedings{pySchwachsinn,
  title={PyIDS-Python Implementation of Interpretable Decision Sets Algorithm by Lakkaraju et al, 2016.},
  author={Filip, Jiri and Kliegr, Tomas},
  booktitle={RuleML+ RR (Supplement)},
  year={2019}
}

@article{BBml,
  title={Stop explaining black box machine learning models for high stakes decisions and use interpretable models instead},
  author={Rudin, Cynthia},
  journal={Nature Machine Intelligence},
  volume={1},
  number={5},
  pages={206--215},
  year={2019},
  publisher={Nature Publishing Group}
}

@inproceedings{IDS,
  title={Interpretable decision sets: A joint framework for description and prediction},
  author={Lakkaraju, Himabindu and Bach, Stephen H and Leskovec, Jure},
  booktitle={Proceedings of the 22nd ACM SIGKDD international conference on knowledge discovery and data mining},
  pages={1675--1684},
  year={2016}
}

@misc{ML,
  title={Machine learning},
  author={Mitchell, Tom M and others},
  year={1997},
  publisher={McGraw-hill New York}
}

@article{chess,
  title={The role of structured induction in expert systems},
  author={Shapiro, Alen David},
  journal={Annexe Thesis Digitisation Project 2018 Block 19},
  year={1984},
  publisher={The University of Edinburgh}
}

@article{mushroom,
  title={Mushroom records drawn from the audubon society field guide to north american mushrooms},
  author={Schlimmer, Jeff},
  journal={GH Lincoff (Pres), New York},
  year={1981}
}